<record><leader>00000cas a22000007a 4500</leader><controlfield tag="001">17676661</controlfield><controlfield tag="008">880324d18561857lauwr ne      0    0fre d</controlfield><datafield ind1=" " ind2=" " tag="010"><subfield code="a">sn 98068300 </subfield></datafield><datafield ind1=" " ind2=" " tag="040"><subfield code="a">LRU</subfield><subfield code="b">eng</subfield><subfield code="c">LRU</subfield><subfield code="d">NVK</subfield><subfield code="d">OCL</subfield><subfield code="d">OCLCQ</subfield><subfield code="d">OCLCF</subfield><subfield code="d">OCLCO</subfield><subfield code="d">OCLCQ</subfield></datafield><datafield ind1="0" ind2=" " tag="041"><subfield code="a">fre</subfield><subfield code="a">eng</subfield></datafield><datafield ind1=" " ind2=" " tag="043"><subfield code="a">n-us-la</subfield></datafield><datafield ind1="0" ind2="3" tag="245"><subfield code="a">La Loge d'opera. :</subfield><subfield code="b">the opera box.</subfield></datafield><datafield ind1="3" ind2="0" tag="246"><subfield code="a">Opera box</subfield></datafield><datafield ind1=" " ind2=" " tag="260"><subfield code="a">New Orleans :</subfield><subfield code="b">E.B. Wharton,</subfield><subfield code="c">1856-1857.</subfield></datafield><datafield ind1=" " ind2=" " tag="300"><subfield code="a">26 nos. ;</subfield><subfield code="c">30 x 46 cm</subfield></datafield><datafield ind1=" " ind2=" " tag="310"><subfield code="a">Weekly</subfield></datafield><datafield ind1=" " ind2=" " tag="336"><subfield code="a">text</subfield><subfield code="b">txt</subfield><subfield code="2">rdacontent</subfield></datafield><datafield ind1=" " ind2=" " tag="337"><subfield code="a">unmediated</subfield><subfield code="b">n</subfield><subfield code="2">rdamedia</subfield></datafield><datafield ind1="0" ind2=" " tag="362"><subfield code="a">Vol. 1, no. 1 (Nov. 1856) - vol. 1, no. 26 (May 9, 1857).</subfield></datafield><datafield ind1=" " ind2=" " tag="500"><subfield code="a">(The information on publication dates is from Gertrude C. Gilmer's Checklist of southern periodicals to 1861, page 37.).</subfield></datafield><datafield ind1=" " ind2=" " tag="546"><subfield code="a">Text in French and English.</subfield></datafield><datafield ind1=" " ind2="0" tag="651"><subfield code="a">New Orleans (La.)</subfield><subfield code="v">Newspapers.</subfield></datafield><datafield ind1=" " ind2="7" tag="651"><subfield code="a">Louisiana</subfield><subfield code="z">New Orleans.</subfield><subfield code="2">fast</subfield><subfield code="0">(OCoLC)fst01204311</subfield></datafield><datafield ind1=" " ind2="7" tag="655"><subfield code="a">Newspapers.</subfield><subfield code="2">fast</subfield><subfield code="0">(OCoLC)fst01423814</subfield></datafield><datafield ind1=" " ind2=" " tag="752"><subfield code="a">United States</subfield><subfield code="b">Louisiana</subfield><subfield code="c">Orleans</subfield><subfield code="d">New Orleans.</subfield></datafield></record>